@book{beyer2016site,
  title={Site Reliability Engineering: How Google Runs Production Systems},
  author={Beyer, B. and Jones, C. and Petoff, J. and Murphy, N.R.},
  isbn={9781491929124},
  lccn={2017304248},
  url={https://books.google.co.id/books?id=81UrjwEACAAJ},
  year={2016},
  publisher={O'Reilly Media, Incorporated}
}
