@online{chrisward,
    author = "Chris Ward",
    title = "The Pros and Cons of GitOps",
    url  = "https://humanitec.com/blog/gitops-pros-and-cons",
    addendum = "(diakses: 27.09.2021)",
    year = 2021,
    keywords = "pros,cons,gitops,iac"
}

@online{gitlab,
    author = "{Gitlab Team}",
    title = "What is GitOps?",
    url  = "https://about.gitlab.com/topics/gitops/",
    addendum = "(diakses: 04.10.2021)",
    year = 2021,
    keywords = "gitops,iac,git,mr,pr"
}

@online{fluxcd,
    author = "{FluxCD}",
    url  = "https://fluxcd.io/",
    addendum = "(diakses: 20.10.2021)",
    year = 2021,
    keywords = "gitops,fluxcd"
}